 
Bibtex (bib) file for the thesis style document.

@INPROCEEDINGS{7086625,
    author={Shenbagam, J. and Salini, P.},
	booktitle={Electronics,Communication and Computational Engineering (ICECCE), 2014 International Conference on},
	title={Vulnerability Ontology for web applications to predict and classify attacks},
	year={2014},
	month={Nov},
	pages={268-272},
	keywords={Cognition;Engines;Knowledge based systems;OWL;Ontologies;Resource description framework;Security;Attacks;Ontology;Prediction;Vulnerability;Web Application},
	doi={10.1109/ICECCE.2014.7086625},
}

@inproceedings{Gyrard:2013:SO:2487788.2487869,
	author = {Gyrard, Amelie and Bonnet, Christian and Boudaoud, Karima},
	title = {The STAC (Security Toolbox: Attacks \&\#38; Countermeasures) Ontology},
	booktitle = {Proceedings of the 22Nd International Conference on World Wide Web Companion},
	series = {WWW '13 Companion},
	year = {2013},
	isbn = {978-1-4503-2038-2},
	location = {Rio de Janeiro, Brazil},
	pages = {165--166},
	numpages = {2},
	url = {http://dl.acm.org.offcampus.lib.washington.edu/citation.cfm?id=2487788.2487869},
	acmid = {2487869},
	publisher = {International World Wide Web Conferences Steering Committee},
	address = {Republic and Canton of Geneva, Switzerland},
	keywords = {attacks, countermeasures, ontology, osi model, security, security protocols, semantic web, taxonomy, wireless communications},
}
 
@string{Knuth="Donald E. Knuth"}
 
@book{book,
   author = knuth,
   title = "The {\TeX} book",
   publisher = "Addison-Wesley",
   year = 1984}
 
@book{Tbook,
   author = knuth,
   title = "{\TeX}: The Program",
   publisher = "Addison-Wesley",
   year = 1986}
 
@book{Metafont,
   author = knuth,
   title = "The Metafont book",
   publisher = "Addison-Wesley",
   year = 1986}
 
@book{CMT,
   author = knuth,
   title = "Computer Modern Typefaces",
   publisher = "Addison-Wesley",
   year = 1986}
 
@book{Lbook,
   author = "Leslie Lamport",
   title = "{\LaTeX}: A Document Preparation System",
   edition = "2nd",
   publisher = "Addison-Wesley",
   year = 1994}
 
@book{companion,
   author = "M{ichel} Goossens and F{rank} Mittelbach and A{lexander} Samarin",
   title = "The {\LaTeX} Companion",
   publisher = "Addison-Wesley",
   year = 1994}
 
@article{TUG:h-l,
  author = "Editor",
  title = "Hyphenation Exception Log",
  journal = "TUGboat",
  volume = 7,
  number = 3,
  year = 1986,
  pages = "145"}
 
 
@book{Hamlet,
   author = "William Shakespeare",
   title = "Hamlet",
   publisher = "F.S.~Crofts~\&~Co., Inc.",
   address = "NY",
   year = 1946,
   note = "Act~I, Scene~3, Lines~70-72, are apropos."}
 
Following author fields is not standard
@book{JTeX,
   author = "{Spivak, M.D., Ph.D.}",
   title = "The Joy of {\TeX}",
   publisher = "American Mathematical Society",
   address = "RI",
   year = 1986}
 
@book{PCTeX,
   author = "{Spivak, M.D., Ph.D.}",
   title = "PC{\TeX}\ Manual",
   publisher = "Personal {\TeX}, Inc.",
   address = "CA",
   year = 1985}
 
 
